<record><leader>00000cas a22000007a 4500</leader><controlfield tag="001">10251648</controlfield><controlfield tag="008">831227d18831889ksuwr ne      0   a0eng d</controlfield><datafield ind1=" " ind2=" " tag="010"><subfield code="a">sn 83040881 </subfield></datafield><datafield ind1=" " ind2=" " tag="040"><subfield code="a">KSH</subfield><subfield code="b">eng</subfield><subfield code="c">KSH</subfield><subfield code="d">NPT</subfield><subfield code="d">OCLCQ</subfield></datafield><datafield ind1=" " ind2=" " tag="042"><subfield code="a">msc</subfield></datafield><datafield ind1=" " ind2=" " tag="043"><subfield code="a">n-us-ks</subfield></datafield><datafield ind1="0" ind2=" " tag="130"><subfield code="a">Waverly news (Waverly, Kan.)</subfield></datafield><datafield ind1="1" ind2="0" tag="245"><subfield code="a">Waverly news.</subfield></datafield><datafield ind1=" " ind2=" " tag="260"><subfield code="a">Waverly, Kan. :</subfield><subfield code="b">L.E. Smith,</subfield><subfield code="c">1883-1889.</subfield></datafield><datafield ind1=" " ind2=" " tag="300"><subfield code="a">5 v. ;</subfield><subfield code="c">50-54 cm.</subfield></datafield><datafield ind1=" " ind2=" " tag="310"><subfield code="a">Weekly</subfield></datafield><datafield ind1="0" ind2=" " tag="362"><subfield code="a">Vol. 1, no. 1 (Mar. 29, 1883)-v. 6, no. 46 (Jan. 31, 1889).</subfield></datafield><datafield ind1=" " ind2=" " tag="500"><subfield code="a">"Independent."</subfield></datafield><datafield ind1=" " ind2=" " tag="752"><subfield code="a">United States</subfield><subfield code="b">Kansas</subfield><subfield code="c">Coffey</subfield><subfield code="d">Waverly.</subfield></datafield></record>